@Book{knuth:84,
  author = 	 {Donald E. Knuth},
  title = 	 {The {\TeX} Book},
  publisher = 	 {Addison-Wesley},
  year = 	 {1984},
  edition = 	 {15th}
}

@misc{amzn:1,
  author = {Amazon},
  title = {Amazon Instance Types},
  note = {aws.amazon.com/ec2/instance-types/},
  year = {2016}
}

@misc{intel:1,
  author = {Intel - Ark},
  title = {Intel Xeon E5-2670 v2 - Specification},
  note = {ark.intel.com/products/75275/Intel-Xeon-Processor-E5-2670-v2-25M-Cache-2\_50-GHz},
  year = {2016}
}

@misc{amzn:2,
  author = {Amazon},
  title = {Amazon EBS - Product Details},
  note = {aws.amazon.com/ebs/details},
  year = {2016}
}

@Book{intel:16,
  author = {Intel},
  title =  {Intel 64 and IA-32 Architectures - Optimization Reference Manual},
  chapter = {Appendix C - Instruction Latency and Throughput},
  year =   {2016}
}

@InCollection{boulic:91,
  author = 	 {R. Boulic and O. Renault},
  title = 	 {3D Hierarchies for Animation},
  booktitle = 	 {New Trends in Animation and Visualization},
  publisher =    {John Wiley {\&} Sons ltd.},
  year = 	 {1991},
  editor = 	 {Nadia Magnenat-Thalmann and Daniel Thalmann}
}

@InCollection{smith:99,
  author = 	 {A. Smith and B. Jones},
  title = 	 {On the Complexity of Computing},
  booktitle = 	 {Advances in Computer Science},
  pages = 	 {555--566},
  publisher =    {Publishing Press},
  year = 	 {1999},
  editor = 	 {A. B. Smith-Jones}
}
